@online{Verge,
  author = {Josh Dzieza},
  title = {HOW HARD WILL THE ROBOTS MAKE US WORK?},
  year = 2020,
  url = {https://www.theverge.com/2020/2/27/21155254/automation-robots-unemployment-jobs-vs-human-google-amazon},
  urldate = {2020-10-26}
}

@ARTICLE{8812712,
  author={G. {Cheng} and E. {Dean-Leon} and F. {Bergner} and J. {Rogelio Guadarrama Olvera} and Q. {Leboutet} and P. {Mittendorfer}},
  journal={Proceedings of the IEEE}, 
  title={A Comprehensive Realization of Robot Skin: Sensors, Sensing, Control, and Applications}, 
  year={2019},
  volume={107},
  number={10},
  pages={2034-2051},
  doi={10.1109/JPROC.2019.2933348}
}

@book{construction_2008,
    place={Berlin},
    title={Springer handbook of robotics with DVD-ROM, and 84 tables},
    publisher={Springer},
    author={Saidi, O'Brien, Lytle},
    pages={1079-1100},
    year={2008}
}
